<?xml version="1.0" encoding="UTF-8"?><collection xmlns="http://www.loc.gov/MARC21/slim"><record><leader>00500nam--2200133-i-4500</leader><controlfield tag="001">000036355</controlfield><controlfield tag="002">20161230</controlfield><controlfield tag="005">20161230201040</controlfield><controlfield tag="008">060222s1000------------r-----000-0-eng-d</controlfield><datafield ind1=" " ind2=" " tag="080"><subfield code="a">681.3.06:621.039.512</subfield></datafield><datafield ind1=" " ind2=" " tag="100"><subfield code="a">Pistella, F.And Orestano, F</subfield></datafield><datafield ind1=" " ind2=" " tag="245"><subfield code="a">Assessment of the reliability of the cnen`s methods for the neutronic design of pwr`s. part.i: analysis of the `belgian plutonium recycling programme` experiments</subfield></datafield><datafield ind1=" " ind2=" " tag="260"><subfield code="a">Roma, Comitato Nazionale Energia Nucleare, 1972, 32p</subfield></datafield><datafield ind1=" " ind2=" " tag="852"><subfield code="a">17335</subfield></datafield></record></collection>